<record><leader>00000cas a2200000 a 4500</leader><controlfield tag="001">70717009</controlfield><controlfield tag="006">m     o  d        </controlfield><controlfield tag="007">cr anu||||||||</controlfield><controlfield tag="008">060728d18511866mauwr nso     0    0eng c</controlfield><datafield ind1=" " ind2=" " tag="010"><subfield code="a">  2007233765</subfield></datafield><datafield ind1=" " ind2=" " tag="040"><subfield code="a">APSON</subfield><subfield code="b">eng</subfield><subfield code="c">APSON</subfield><subfield code="d">APSON</subfield><subfield code="d">GUA</subfield><subfield code="d">DLC</subfield><subfield code="d">OCLCQ</subfield><subfield code="d">OCLCF</subfield><subfield code="d">OCLCQ</subfield><subfield code="d">RCE</subfield><subfield code="d">OCL</subfield></datafield><datafield ind1=" " ind2=" " tag="042"><subfield code="a">pcc</subfield></datafield><datafield ind1=" " ind2=" " tag="043"><subfield code="a">n-us-ma</subfield></datafield><datafield ind1="1" ind2="4" tag="050"><subfield code="a">BX6201</subfield></datafield><datafield ind1="0" ind2=" " tag="130"><subfield code="a">Christian watchman &amp; reflector (Online)</subfield></datafield><datafield ind1="1" ind2="0" tag="245"><subfield code="a">Christian watchman &amp; reflector.</subfield></datafield><datafield ind1="3" ind2=" " tag="246"><subfield code="a">Christian watchman and reflector</subfield></datafield><datafield ind1="3" ind2=" " tag="246"><subfield code="a">Reflector</subfield></datafield><datafield ind1="3" ind2=" " tag="246"><subfield code="a">Watchman &amp; reflector</subfield></datafield><datafield ind1=" " ind2=" " tag="260"><subfield code="a">Boston, Mass. :</subfield><subfield code="b">Nichols, Ford &amp; Olmstead,</subfield><subfield code="c">1851-</subfield></datafield><datafield ind1=" " ind2=" " tag="310"><subfield code="a">Weekly</subfield></datafield><datafield ind1=" " ind2=" " tag="336"><subfield code="a">text</subfield><subfield code="b">txt</subfield><subfield code="2">rdacontent</subfield></datafield><datafield ind1=" " ind2=" " tag="337"><subfield code="a">computer</subfield><subfield code="b">c</subfield><subfield code="2">rdamedia</subfield></datafield><datafield ind1=" " ind2=" " tag="338"><subfield code="a">online resource</subfield><subfield code="b">cr</subfield><subfield code="2">rdacarrier</subfield></datafield><datafield ind1="0" ind2=" " tag="362"><subfield code="a">Vol. 32, no. 1 (Jan. 2, 1851)-</subfield></datafield><datafield ind1="1" ind2=" " tag="362"><subfield code="a">Ceased with v. 47, no. 52 (Dec. 27, 1866).</subfield></datafield><datafield ind1=" " ind2=" " tag="500"><subfield code="a">Title from pdf caption (ProQuest APS Online, viewed Oct. 4, 2007).</subfield></datafield><datafield ind1=" " ind2=" " tag="530"><subfield code="a">Also issued in print and on microfilm.</subfield></datafield><datafield ind1=" " ind2=" " tag="538"><subfield code="a">Mode of access: World Wide Web.</subfield></datafield><datafield ind1=" " ind2=" " tag="550"><subfield code="a">Imprint varies: Jan. 2, 1851-, Boston, Mass. : Upham, Ford &amp; Olmstead; -Dec. 26, 1861, Boston, Mass. : Ford, Olmstead &amp; Co.</subfield></datafield><datafield ind1=" " ind2=" " tag="588"><subfield code="a">Latest issue consulted: Vol. 35, no. 52 (Dec. 28, 1854), viewed Oct. 4, 2007.</subfield></datafield><datafield ind1=" " ind2="0" tag="650"><subfield code="a">Baptists</subfield><subfield code="z">Massachusetts</subfield><subfield code="v">Newspapers.</subfield></datafield><datafield ind1=" " ind2="0" tag="651"><subfield code="a">Boston (Mass.)</subfield><subfield code="v">Newspapers.</subfield></datafield><datafield ind1=" " ind2="0" tag="651"><subfield code="a">Suffolk County (Mass.)</subfield><subfield code="v">Newspapers.</subfield></datafield><datafield ind1=" " ind2="7" tag="650"><subfield code="a">Baptists.</subfield><subfield code="2">fast</subfield><subfield code="0">(OCoLC)fst00827285</subfield></datafield><datafield ind1=" " ind2="7" tag="651"><subfield code="a">Massachusetts.</subfield><subfield code="2">fast</subfield><subfield code="0">(OCoLC)fst01204307</subfield></datafield><datafield ind1=" " ind2="7" tag="651"><subfield code="a">Massachusetts</subfield><subfield code="z">Boston.</subfield><subfield code="2">fast</subfield><subfield code="0">(OCoLC)fst01205012</subfield></datafield><datafield ind1=" " ind2="7" tag="651"><subfield code="a">Massachusetts</subfield><subfield code="z">Suffolk County.</subfield><subfield code="2">fast</subfield><subfield code="0">(OCoLC)fst01206189</subfield></datafield><datafield ind1=" " ind2="7" tag="655"><subfield code="a">Periodicals.</subfield><subfield code="2">fast</subfield><subfield code="0">(OCoLC)fst01411641</subfield></datafield><datafield ind1=" " ind2="7" tag="655"><subfield code="a">Newspapers.</subfield><subfield code="2">fast</subfield><subfield code="0">(OCoLC)fst01423814</subfield></datafield><datafield ind1=" " ind2="7" tag="655"><subfield code="a">Electronic journals.</subfield><subfield code="2">lcgft</subfield></datafield><datafield ind1=" " ind2=" " tag="752"><subfield code="a">United States</subfield><subfield code="b">Massachusetts</subfield><subfield code="c">Suffolk</subfield><subfield code="d">Boston.</subfield></datafield><datafield ind1="1" ind2=" " tag="776"><subfield code="t">Christian watchman &amp; reflector</subfield><subfield code="x">2158-0154</subfield><subfield code="w">(DLC)sn 86077250</subfield><subfield code="w">(OCoLC)6934373</subfield></datafield><datafield ind1="0" ind2="0" tag="780"><subfield code="t">Christian watchman &amp; Christian reflector (Online)</subfield><subfield code="w">(DLC)  2007233764</subfield><subfield code="w">(OCoLC)70716979</subfield></datafield><datafield ind1="0" ind2="0" tag="785"><subfield code="t">Watchman &amp; reflector (Online)</subfield></datafield><datafield ind1="4" ind2="0" tag="856"><subfield code="u">http://proquest.umi.com/pdqweb</subfield></datafield></record>